% Encoding: UTF-8
@article{Yanamala2024,
    author = {Yanamala, Y. and Kumar, S.},
    title = {Optimizing Data Storage in Cloud Computing: Techniques and Best 
    Practices},
    journal = {International Journal of Advanced Engineering Technologies and Innovations},
    year = {2024},
    volume = {1},
    number = {3},
    pages = {476--513},
    url = {https://ijaeti.com/index.php/Journal/article/view/389/401}
}

@article{Abdelaziz48PP100_116,
    author = {Abdelaziz, A. and Mesbah, S. and Kholief, M.},
    title = {Innovative Cost-Efficient Cloud Computing-Based Models for Disasters 
    Management},
    journal = {Journal of Advanced Research in Applied 
    Sciences and Engineering Technology},
    year = {2024},
    volume = {48},
    number = {1},
    pages = {100--116},
    doi = {https://doi.org/10.37934/araset.48.1.100116}
}

@article{VinayakBhuvi,
    author = {Vinayak, B. and Bhuvi, D.},
    title = {Exploring Challenges and Solutions in Cloud Computing: A Review of Data 
    Security and Privacy Concerns},
    journal = {Journal of Artificial Intelligence General Science JAIGS},
    year = {2024},
    volume = {2},
    number = {1},
    pages = {121--140},
    doi = {https://doi.org/10.60087/jaigs.vol4.issue1.p141}
}

@manual{DoD5220,
    author = {{Data Destroyers}},
    title = {DoD 5220.22-M Data Wismethode},
    institution = {United States Department of Defense (DoD)},
    year = {2006},
    month = {February},
    note = {Geraadpleegd op 8 januari 2025.},
    url = {https://www.datadestroyers.nl/technologie/dod_5220.22-m_data_wismethode.html}
}

@manual{IFSAeroEFB,
    author = {{IFS Aero}},
    title = {The Ultimate Guide to Electronic Flight Bags (EFB) for Aviation Efficiency},
    institution = {IFS Aero},
    year = {2024},
    month = {March},
    note = {Geraadpleegd op 10 februari 2025.},
    url = {https://ifs.aero/ultimate-guide-electronic-flight-bags-aviation/}
}

@techreport{NIST80088,
    author = {{National Institute of Standards and Technology}},
    title = {Guidelines for Media Sanitization},
    type = {Technical Report},
    number = {SP 800-88 Rev. 1},
    institution = {NIST},
    year = {2024},
    month = {February},
    note = {Geraadpleegd op 10 februari 2025.},
    url = {https://csrc.nist.gov/pubs/sp/800/88/r1/final}
}

@techreport{NISTFIPS140,
    author = {{National Institute of Standards and Technology}},
    title = {Security Requirements for Cryptographic Modules},
    type = {Technical Report},
    number = {FIPS 140-2},
    institution = {NIST},
    year = {2024},
    month = {April},
    note = {Geraadpleegd op 10 februari 2025.},
    url = {https://nvlpubs.nist.gov/nistpubs/FIPS/NIST.FIPS.140-2.pdf}
}

@article{SkybraryEFB,
    author = {{SKYbrary}},
    title = {Electronic Flight Bag (EFB)},
    institution = {SKYbrary Aviation Safety},
    year = {2024},
    month = {June},
    note = {Geraadpleegd op 10 februari 2025.},
    url = {https://skybrary.aero/articles/electronic-flight-bag-efb}
}


@techreport{FAA_AC91-78A,
    author = {{Federal Aviation Administration}},
    title = {AC 91-78A - Use of Electronic Flight Bags},
    institution = {U.S. Department of Transportation, FAA},
    year = {2024},
    month = {February},
    note = {Geraadpleegd op 10 februari 2025.},
    url = {https://www.faa.gov/regulations_policies/advisory_circulars/index.cfm/go/document.information/documentID/1042512}
}

@article{EFBDataSecurity,
    author = {Tighe, Brian and McCarthy, Kevin},
    title = {EFB Data Security and Connectivity Challenges in Aviation},
    journal = {Aircraft IT},
    year = {2016},
    month = {December},
    note = {Geraadpleegd op 10 februari 2025.},
    url = {https://www.aircraftit.com/articles/efb-data-security-connectivity}
}


@manual{MicrosoftBackup,
    author = {{Microsoft}},
    title = {Azure Backup service documentation},
    institution = {Microsoft Docs},
    year = {2025},
    month = {February},
    note = {Geraadpleegd op 10 februari 2025.},
    url = {https://learn.microsoft.com/en-us/azure/backup/}
}

@techreport{AWSBackup,
    author = {{Amazon Web Services (AWS)}},
    title = {AWS Backup and Disaster Recovery Best Practices},
    institution = {AWS Documentation},
    year = {2025},
    month = {February},
    note = {Geraadpleegd op 10 februari 2025.},
    url = {https://docs.aws.amazon.com/organizations/latest/userguide/orgs_manage_policies_backup_best-practices.html}
}

@techreport{VeeamRTO,
    author = {{Veeam Software}},
    title = {RPO and RTO: Whatâ€™s the Difference},
    institution = {Veeam},
    year = {2024},
    month = {February},
    note = {Geraadpleegd op 5 februari 2025.},
    url = {https://www.veeam.com/blog/recovery-time-recovery-point-objectives.html}
}



@Comment{jabref-meta: databaseType:biblatex;}
