% Encoding: UTF-8

@article{Yanamala2024,
    author = {Yanamala, Prasad and Kumar, S.},
    title = {A Hybrid Cloud Backup Strategy for Business Continuity},
    journal = {International Journal of Applied Engineering Research},
    year = {2024},
    volume = {16},
    number = {4},
    pages = {476--513},
}

@article{ARASET48PP100_116,
    author = {Araset, R. and Setiyadi, A.},
    title = {Exploring Challenges and Solutions in Cloud Computing: A Case Study},
    journal = {International Journal of Cloud Computing and Services Science},
    year = {2024},
    volume = {48},
    number = {1},
    pages = {100--116},
}

@article{VinayakBhuvi,
    author = {Vinayak, B. and Bhuvi, D.},
    title = {Cloud Computing Disaster Recovery: Concepts and Strategies},
    journal = {Journal of Cloud Computing: Advances, Systems and Applications},
    year = {2023},
    volume = {12},
    number = {2},
    pages = {150--167},
}

@Comment{jabref-meta: databaseType:biblatex;}
